<?xml version="1.0" encoding="UTF-8"?><collection xmlns="http://www.loc.gov/MARC21/slim"><record><leader>00378nam--2200133-i-4500</leader><controlfield tag="001">000025912</controlfield><controlfield tag="002">20161230</controlfield><controlfield tag="005">20161230201036</controlfield><controlfield tag="008">060222s1000------------r-----000-0-eng-d</controlfield><datafield ind1=" " ind2=" " tag="080"><subfield code="a">621.73</subfield></datafield><datafield ind1=" " ind2=" " tag="100"><subfield code="a">Kalinin, I.I.Si Socolov, I.G</subfield></datafield><datafield ind1=" " ind2=" " tag="245"><subfield code="a">Manualul forjarului la forjarea libera. trad.din l.rusa</subfield></datafield><datafield ind1=" " ind2=" " tag="260"><subfield code="a">Bucuresti, Inst.De Documentare Tehnica, 1948, 220p</subfield></datafield><datafield ind1=" " ind2=" " tag="852"><subfield code="a">26432</subfield></datafield></record></collection>